<?xml version="1.0" encoding="UTF-8"?><collection xmlns="http://www.loc.gov/MARC21/slim"><record><leader>00581nam--2200181-i-4500</leader><controlfield tag="001">000044270</controlfield><controlfield tag="002">20161230</controlfield><controlfield tag="005">20161230201044</controlfield><controlfield tag="008">060222s1000------------r-----000-0-fre-d</controlfield><datafield ind1=" " ind2=" " tag="040"><subfield code="a">IFIN-HH</subfield></datafield><datafield ind1=" " ind2=" " tag="041"><subfield code="a">fre</subfield></datafield><datafield ind1=" " ind2=" " tag="080"><subfield code="a">015:539.142:539.144</subfield></datafield><datafield ind1="1" ind2=" " tag="100"><subfield code="a">Gorodetzky, Philippe</subfield></datafield><datafield ind1="1" ind2="0" tag="245"><subfield code="a">Mise en evidence et etude de niveaux du 20ne decroissant en 8be+ 12c. contribution a l'etude des niveaux de 16o decroissant en 8be + 8be</subfield><subfield code="b">These</subfield><subfield code="c">Philippe gorodetzky</subfield></datafield><datafield ind1=" " ind2=" " tag="260"><subfield code="a">Strasbourg</subfield><subfield code="b">Universite</subfield><subfield code="c">1972</subfield></datafield><datafield ind1=" " ind2=" " tag="300"><subfield code="a">150P</subfield></datafield><datafield ind1=" " ind2=" " tag="852"><subfield code="a">38167</subfield><subfield code="c">539.14</subfield></datafield><datafield ind1=" " ind2=" " tag="CAT"><subfield code="a">Sys</subfield><subfield code="c">20120328</subfield><subfield code="h">170650</subfield></datafield></record></collection>